<?xml version="1.0" encoding="UTF-8"?><collection xmlns="http://www.loc.gov/MARC21/slim"><record><leader>00349nam--2200133-i-4500</leader><controlfield tag="001">000027645</controlfield><controlfield tag="002">20161230</controlfield><controlfield tag="005">20161230201036</controlfield><controlfield tag="008">060222s1000------------r-----000-0-eng-d</controlfield><datafield ind1=" " ind2=" " tag="080"><subfield code="a">530.16:530.45</subfield></datafield><datafield ind1=" " ind2=" " tag="100"><subfield code="a">Lande Alfred</subfield></datafield><datafield ind1=" " ind2=" " tag="245"><subfield code="a">From dualism to unity in quantum physics</subfield></datafield><datafield ind1=" " ind2=" " tag="260"><subfield code="a">Cambridge, University Press, 1960, Xvi + 114p</subfield></datafield><datafield ind1=" " ind2=" " tag="852"><subfield code="a">17257</subfield></datafield></record></collection>